@article{engle2020hedging,
  title={Hedging climate change news},
  author={Engle, Robert F and Giglio, Stefano and Kelly, Bryan and Lee, Heebum and Stroebel, Johannes},
  journal={The Review of Financial Studies},
  volume={33},
  number={3},
  pages={1184--1216},
  year={2020},
  publisher={Oxford University Press}
}

@article{apel2023real,
  title={Real-time transition risk},
  author={Apel, Matthias and Betzer, Andr{\'e} and Scherer, Bernd},
  journal={Finance Research Letters},
  volume={53},
  pages={103600},
  year={2023},
  publisher={Elsevier}
}

@article{alekseev2022quantity,
  title={A quantity-based approach to constructing climate risk hedge portfolios},
  author={Alekseev, Georgij and Giglio, Stefano and Maingi, Quinn and Selgrad, Julia and Stroebel, Johannes},
  journal={Available at SSRN 4283192},
  year={2022}
}